% Optional fields: volume, number, pages, month, note
@BOOK{Azoff,
	author = {E. Michael Azoff},
	title = {Neural Network Time Series Forecasting of Financial Markets},
	publisher = {John Wiley \& Sons, Inc.},
	year = {1994}
}

@ARTICLE{YW,
	author = {Qiang Yang and Xindong Wu},
	title = {10 Challenging Problems in Data Mining Research},
	journal = {International Journal of Information Technology \& Decision Making},
    volume = {5},
    number = {4},
	year = {2006}
}

@ARTICLE{Lankvist,
	author = {Martin Längkvist and Lars Karlsson and Amy Loutfi},
	title = {A review of unsupervised feature learning and deep learning for time-series modeling},
	journal = {Pattern Recognition Letters},
    volume = {42},
	year = {2014}
}

@ARTICLE{walk,
	author = {Thomas Wiecki},
	title = {Parameter Optimization in Algorithmic Finance Part I: Walk forward optimization},
	journal = {Quantopian Blog},
	year = {2012}
}

% Optional fields: author, title, howpublished, month, year, note
@MISC{r,
	author = {François Chollet and J.J. Allaire},
	title = {Time Series Forecasting with Recurrent Neural Networks},
	howpublished = {\url{https://tensorflow.rstudio.com/blog/time-series-forecasting-with-recurrent-neural-networks.html}},
	note = {Accessed: 2018-1-28}
}


% Optional fields: month, year
@UNPUBLISHED{ian,
	author = {Ian Shaw},
	title = {Algorithmic Trading of Cryptocurrencies}
}

@MISC{twitter_data,
	author = {Rami Kawach},
	howpublished = {\url{https://twitter.com/ramikawach/status/879405390118633472}},
	note = {Accessed: 2017-10-15}
}

@article{r2n2,
  author    = {Hardik Goel and
               Igor Melnyk and
               Arindam Banerjee},
  title     = {{R2N2:} Residual Recurrent Neural Networks for Multivariate Time Series
               Forecasting},
  journal   = {CoRR},
  volume    = {abs/1709.03159},
  year      = {2017},
  url       = {http://arxiv.org/abs/1709.03159},
  archivePrefix = {arXiv},
  eprint    = {1709.03159},
  timestamp = {Thu, 05 Oct 2017 09:43:00 +0200},
  biburl    = {http://dblp.org/rec/bib/journals/corr/abs-1709-03159},
  bibsource = {dblp computer science bibliography, http://dblp.org}
}

% Optional fields: volume, number, pages, month, note
@MISC{look_back,
	author = {R.J. Frank and N. Davey and S.P. Hunt},
	title = {Time Series Prediction and Neural Networks},
	year = {1999}
}

@article{ecology,
  author    = {Abeer ElBahrawy and Laura Alessandretti and Anne Kandler and Romualdo Pastor-Satorras and Andrea Baronchelli},
  title     = {Evolutionary dynamics of the cryptocurrency market},
  journal   = {Royal Society Open Science 4},
  volume    = {170623},
  year      = {2017},
  url       = {https://arxiv.org/abs/1705.05334v3},
  archivePrefix = {arXiv}
}

@article{structure,
  author    = {Peter M Krafft and Nicolás Della Penna and Alex Pentland},
  title     = {An Experimental Study of Cryptocurrency Market Dynamics},
  url       = {https://arxiv.org/abs/1801.05831},
  archivePrefix = {arXiv},
  note = {Forthcoming in ACM CHI Conference on Human Factors in Computing Systems (CHI) in 2018}
}

@article{Bandara,
  author    = {Kasun Bandara and Christoph Bergmeira and Slawek Smylb},
  title     = {Forecasting Across Time Series Databases using Long Short-Term Memory Networks on Groups of Similar Series},
  url       = {https://arxiv.org/abs/1710.03222},
  year = {2017},
  archivePrefix = {arXiv}
}

@article{Heaton,
  author    = {J. B. Heaton and N. G. Polson and J. H. Witte},
  title     = {Deep Learning in Finance},
  url       = {https://arxiv.org/abs/1710.03222},
  archivePrefix = {arXiv},
  year = {2017},
}

@article{Selmi,
  author    = {Nadhem Selmi and Samira Chaabene and Nejib Hachicha},
  title     = {Forecasting returns on a stock market using Artificial Neural Networks and GARCH family models: Evidence of stock market S&P 500},
  journal   = {Decision Science Letters},
  volume    = {4},
  year      = {2015},
  pages 	= {203-210},
}

@article{Goel,
  author    = {Hardik Goel and Igor Melnyk and Arindam Banerjee},
  title     = {R2N2: Residual Recurrent Neural Networks for Multivariate Time Series Forecasting},
  url   = {https://arxiv.org/abs/1709.03159},
  archivePrefix = {arXiv},
  year = {2017},
}

@article{Zhang,
  author    = {G. Peter Zhang},
  title     = {Time series forecasting using a hybrid ARIMA and neural network model},
  journal   = {Neurocomputing},
  volume    = {50},
  year      = {2003},
  pages 	= {159-175},
}

@article{DPH,
  author    = {Luca Di Persio and Oleksandr Honchar},
  title     = {Artificial neural networks approach to the forecast of stock market price movements},
  journal   = {International Journal of Economics and Management Systems},
  volume    = {1},
  year      = {2016},
  pages 	= {158-162},
}

@article{FT,
  author    = {Marcus Hooper},
  title     = {Comment: Long live the market maker},
  journal   = {Financial Times},
  date      = {September 24, 2012},
  url 	= {https://www.ft.com/content/7c3d8364-03f4-11e2-9322-00144feabdc0},
}

@misc{Hansson,
  author       = {Hansson, Magnus},
  title        = {On stock return prediction with LSTM networks},
  year         = {2017},
  url = {https://lup.lub.lu.se/student-papers/search/publication/8911069}
}

% Optional fields: author, title, howpublished, month, year, note
@MISC{varmax,
url = {http://www.statsmodels.org/dev/generated/statsmodels.tsa.statespace.varmax.VARMAX.html#id1}
}
  
}
